@article{sofa1996,
  title={The SOFA (Sepsis-related Organ Failure Assessment) score to describe organ dysfunction/failure},
  author={Vincent, Jean-Louis and Moreno, Rui and Takala, Jukka and Willatts, Sara and De Mendon√ßa, Arnaldo and Bruining, Haitske and Reinhart, Christian K and Suter, Peter M and Thijs, Luc G},
  journal={Intensive care medicine},
  volume={22},
  number={7},
  pages={707--710},
  year={1996},
  publisher={Springer}
}

@article{charlson1987,
  title={A new method of classifying prognostic comorbidity in longitudinal studies: development and validation},
  author={Charlson, Mary E and Pompei, Peter and Ales, Kathy L and MacKenzie, C Ronald},
  journal={Journal of chronic diseases},
  volume={40},
  number={5},
  pages={373--383},
  year={1987},
  publisher={Elsevier}
}

@article{apache1985,
  title={APACHE II: a severity of disease classification system},
  author={Knaus, William A and Draper, Elizabeth A and Wagner, Douglas P and Zimmerman, Jack E},
  journal={Critical care medicine},
  volume={13},
  number={10},
  pages={818--829},
  year={1985},
  publisher={LWW}
}

@article{mimic2016,
  title={MIMIC-III, a freely accessible critical care database},
  author={Johnson, Alistair EW and Pollard, Tom J and Shen, Lu and Li-wei, H Lehman and Feng, Mengling and Ghassemi, Mohammad and Moody, Benjamin and Szolovits, Peter and Celi, Leo Anthony and Mark, Roger G},
  journal={Scientific data},
  volume={3},
  pages={160035},
  year={2016},
  publisher={Nature Publishing Group}
} 